%% This BibTeX bibliography file was created using BibDesk.
%% http://bibdesk.sourceforge.net/


%% Created for Igor Kupczy≈Ñski at 2010-10-01 20:16:12 +0200 


%% Saved with string encoding Unicode (UTF-8) 



@inproceedings{GMS10c,
	Address = {Coimbra, Portugal},
	Author = {S.Greco, B.Matarazzo and R.S{\l}owi{\'n}ski},
	Booktitle = {Proceedings of the 25th Mini-EURO Conference on Uncertainty and Robustness in Planning and Decision Making, URPDM 2010},
	Date-Added = {2010-10-01 20:08:10 +0200},
	Date-Modified = {2010-10-01 20:09:34 +0200},
	Title = {DARWIN-PCT: Dominance-based rough set Approach to handling Robust Winning solutionsin IN teractive multiobjective optimization using Pairwise Comparison Tables},
	Year = {15-17 April 2010}}

@inproceedings{GMS10b,
	Address = {Barcelona, Spain},
	Author = {S.Greco, B.Matarazzo and R.S{\l}owi{\'n}ski},
	Booktitle = {Proc. WCCI 2010, IEEE World Congress on Computational Intelligence},
	Date-Added = {2010-10-01 20:05:29 +0200},
	Date-Modified = {2010-10-01 20:07:37 +0200},
	Pages = {3026-3033},
	Title = {nteractive Evolutionary Multiobjective Optimization using Dominance-based Rough Set Approach},
	Year = {July, 18-23, 2010}}

@inbook{GMS10,
	Author = {S.Greco, B.Matarazzo and R.S{\l}owi{\'n}ski},
	Chapter = {Dominance-based Rough Set Approach to Interactive Evolutionary Multiobjective Optimization},
	Date-Added = {2010-10-01 20:02:00 +0200},
	Date-Modified = {2010-10-01 20:04:40 +0200},
	Editor = {S.Greco, R.A.Marques Pereira, M.Squill
ante, R.R.Yager, J.Kacprzyk},
	Publisher = {Springer, Berlin},
	Title = {Preferences and Decisions: Models and Applications},
	Year = {2010 (to appear)}}

@inproceedings{GMS09,
	Address = {Trento},
	Author = {S.Greco, B.Matarazzo and R.S{\l}owi{\'n}ski},
	Booktitle = {Proc. 5th International Workshop on Preferences and Decisions},
	Date-Modified = {2010-10-01 20:13:45 +0200},
	Pages = {34-41},
	Title = {DARWIN: Dominance-based rough set Approach to handling Robust Winning solutions in INteractive multiobjective optimization},
	Year = {April 6-8, 2009}}
